<?xml version="1.0" encoding="UTF-8"?><record xmlns="http://www.loc.gov/MARC21/slim" xmlns:cinclude="http://apache.org/cocoon/include/1.0" xmlns:zs="http://www.loc.gov/zing/srw/">
  <leader>00885cz  a2200181n  4500</leader>
  <controlfield tag="001">nr 95028085 </controlfield>
  <controlfield tag="003">DLC</controlfield>
  <controlfield tag="005">20080817080903.0</controlfield>
  <controlfield tag="008">950801n| acannaabn          |b ana      </controlfield>
  <datafield tag="010" ind1=" " ind2=" ">
    <subfield code="a">nr 95028085 </subfield>
  </datafield>
  <datafield tag="035" ind1=" " ind2=" ">
    <subfield code="a">(OCoLC)oca03889780</subfield>
  </datafield>
  <datafield tag="040" ind1=" " ind2=" ">
    <subfield code="a">DLC-R</subfield>
    <subfield code="b">eng</subfield>
    <subfield code="c">DLC-R</subfield>
    <subfield code="d">OCoLC</subfield>
  </datafield>
  <datafield tag="110" ind1="2" ind2=" ">
    <subfield code="a">Yamazaki Kinzoku Sangyō Kabushiki Kaisha</subfield>
  </datafield>
  <datafield tag="410" ind1="2" ind2=" ">
    <subfield code="a">山崎金属產業株式会社</subfield>
  </datafield>
  <datafield tag="667" ind1=" " ind2=" ">
    <subfield code="a">Machine-derived non-Latin script reference project.</subfield>
  </datafield>
  <datafield tag="667" ind1=" " ind2=" ">
    <subfield code="a">Non-Latin script reference not evaluated.</subfield>
  </datafield>
  <datafield tag="670" ind1=" " ind2=" ">
    <subfield code="a">Shichijūnen no shichijūnen no ayumi, 1965 (1993 printing):</subfield>
    <subfield code="b">t.p. (Yamazaki Kinzoku Sangyō Kabushiki Kaisha) p. 1, etc. 2nd gr. (est. 1893; named as Yamazaki Sōkichi Shōten [no publs. in LC data base] in 11918; name chg. to Yamazaki Kinzoku Sangyō Kabushiki Kaisha in 1961)</subfield>
  </datafield>
  <datafield tag="670" ind1=" " ind2=" ">
    <subfield code="a">Kaisha sōkan, 1992:</subfield>
    <subfield code="b">v. 2, p. 3183 (Yamazaki Kinzoku Sangyō Kabushiki Kaisha)</subfield>
  </datafield>
</record>